@InProceedings{sanders_peter,
author="K{\"a}rkk{\"a}inen, Juha
and Sanders, Peter",
editor="Baeten, Jos C. M.
and Lenstra, Jan Karel
and Parrow, Joachim
and Woeginger, Gerhard J.",
title="Simple Linear Work Suffix Array Construction",
booktitle="Automata, Languages and Programming",
year="2003",
publisher="Springer Berlin Heidelberg",
address="Berlin, Heidelberg",
pages="943--955",
abstract="A suffix array represents the suffixes of a string in sorted order. Being a simpler and more compact alternative to suffix trees, it is an important tool for full text indexing and other string processing tasks. We introduce the skew algorithm for suffix array construction over integer alphabets that can be implemented to run in linear time using integer sorting as its only nontrivial subroutine:1.recursively sort suffixes beginning at positions i mod 3 ≠ 0.2.sort the remaining suffixes using the information obtained in step one.3.merge the two sorted sequences obtained in steps one and two.",
isbn="978-3-540-45061-0"
}

@misc{presentation_dc3,
  author="K{\"a}rkk{\"a}inen, Juha
  and Sanders, Peter",
  title = "Presentation: Simple Linear Work Suffix Array Construction",
  note = {on-line at: \url{https://people.csail.mit.edu/jshun/6886-s19/lectures/lecture9-1.pdf}} [Accessed: 07.07.2023]
}

@mastersthesis{master_dc3,
  type = {Master rad},
  author = "Ivan Ječmen",
  title  = "Sufiksno stablo I sufiksni niz",
  school = "Matematički fakultet Univerziteta u Beogradu"
}

@INPROCEEDINGS{sais,
  author={Nong, Ge and Zhang, Sen and Chan, Wai Hong},
  booktitle={2009 Data Compression Conference}, 
  title={Linear Suffix Array Construction by Almost Pure Induced-Sorting}, 
  year={2009},
  volume={},
  number={},
  pages={193-202},
  keywords={Sorting;Educational institutions;Algorithm design and analysis;Data compression;Computer science;Sun;Mathematics;Data structures;Indexing;Information retrieval;Suffix array;linear time;divide-and-conquer;algorithm design},
  doi={10.1109/DCC.2009.42}
}

@misc{presentation_sais,
  author="Sven Rahmann",
  title = "Presentation: Linear Time Suffix Array Construction",
  note = {on-line at: \url{https://www.rahmannlab.de/lehre/alsa21/02-3-sais.pdf}} [Accessed: 07.07.2023]
}

@mastersthesis{master_sais,
  type = {Master rad},
  author = "Slaviša Božović",
  title  = "Sufiksni niz",
  school = "Matematički fakultet Univerziteta u Beogradu",
  year = 2015
}